@book{sutton1998introduction,
  title={Introduction to reinforcement learning},
  author={Sutton, Richard S and Barto, Andrew G and others},
  volume={135},
  year={1998},
  publisher={MIT press Cambridge}
}

@article{lecun2015deep,
	title={Deep learning},
	author={LeCun, Yann and Bengio, Yoshua and Hinton, Geoffrey},
	journal={nature},
	volume={521},
	number={7553},
	pages={436},
	year={2015},
	publisher={Nature Publishing Group}
}
@article{bengio2013representation,
	title={Representation learning: A review and new perspectives},
	author={Bengio, Yoshua and Courville, Aaron and Vincent, Pascal},
	journal={IEEE transactions on pattern analysis and machine intelligence},
	volume={35},
	number={8},
	pages={1798--1828},
	year={2013},
	publisher={IEEE}
}
@inproceedings{krizhevsky2012imagenet,
	title={Imagenet classification with deep convolutional neural networks},
	author={Krizhevsky, Alex and Sutskever, Ilya and Hinton, Geoffrey E},
	booktitle={Advances in neural information processing systems},
	pages={1097--1105},
	year={2012}
}



@inproceedings{aloysius2017review,
	title={A review on deep convolutional neural networks},
	author={Aloysius, Neena and Geetha, M},
	booktitle={2017 International Conference on Communication and Signal Processing (ICCSP)},
	pages={0588--0592},
	year={2017},
	organization={IEEE}
}

@article{schmidhuber2015deep,
	title={Deep learning in neural networks: An overview},
	author={Schmidhuber, J{\"u}rgen},
	journal={Neural networks},
	volume={61},
	pages={85--117},
	year={2015},
	publisher={Elsevier}
}

@article{nwankpa2018activation,
	title={Activation functions: Comparison of trends in practice and research for deep learning},
	author={Nwankpa, Chigozie and Ijomah, Winifred and Gachagan, Anthony and Marshall, Stephen},
	journal={arXiv preprint arXiv:1811.03378},
	year={2018}
}

@book{goodfellow2016deep,
	title={Deep learning},
	author={Goodfellow, Ian and Bengio, Yoshua and Courville, Aaron},
	year={2016},
	publisher={MIT press}
}

@article{ioffe2015batch,
	title={Batch normalization: Accelerating deep network training by reducing internal covariate shift},
	author={Ioffe, Sergey and Szegedy, Christian},
	journal={arXiv preprint arXiv:1502.03167},
	year={2015}
}

@article{srivastava2014dropout,
	title={Dropout: a simple way to prevent neural networks from overfitting},
	author={Srivastava, Nitish and Hinton, Geoffrey and Krizhevsky, Alex and Sutskever, Ilya and Salakhutdinov, Ruslan},
	journal={The journal of machine learning research},
	volume={15},
	number={1},
	pages={1929--1958},
	year={2014},
	publisher={JMLR. org}
}

@article{breiman2001random,
	title={Random forests},
	author={Breiman, Leo},
	journal={Machine learning},
	volume={45},
	number={1},
	pages={5--32},
	year={2001},
	publisher={Springer}
}
@article{hinton2012improving,
	title={Improving neural networks by preventing co-adaptation of feature detectors},
	author={Hinton, Geoffrey E and Srivastava, Nitish and Krizhevsky, Alex and Sutskever, Ilya and Salakhutdinov, Ruslan R},
	journal={arXiv preprint arXiv:1207.0580},
	year={2012}
}

@article{ade2014planck,
	title={Planck 2013 results. XXV. Searches for cosmic strings and other topological defects},
	author={Ade, Peter AR and Aghanim, N and Armitage-Caplan, C and Arnaud, M and Ashdown, M and Atrio-Barandela, F and Aumont, J and Baccigalupi, C and Banday, AJ and Barreiro, RB and others},
	journal={Astronomy \& Astrophysics},
	volume={571},
	pages={A25},
	year={2014},
	publisher={EDP sciences}
}

@article{bennett1990high,
	title={High-resolution simulations of cosmic-string evolution. I. Network evolution},
	author={Bennett, David P and Bouchet, Francois R},
	journal={Physical Review D},
	volume={41},
	number={8},
	pages={2408},
	year={1990},
	publisher={APS}
}


@article{fraisse2008small,
	title={Small-angle CMB temperature anisotropies induced by cosmic strings},
	author={Fraisse, Aur{\'e}lien A and Ringeval, Christophe and Spergel, David N and Bouchet, Fran{\c{c}}ois R},
	journal={Physical Review D},
	volume={78},
	number={4},
	pages={043535},
	year={2008},
	publisher={APS}
}

@article{ade2016planck,
	title={Planck 2015 results-xiii. cosmological parameters},
	author={Ade, Peter AR and Aghanim, N and Arnaud, M and Ashdown, M and Aumont, J and Baccigalupi, C and Banday, AJ and Barreiro, RB and Bartlett, JG and Bartolo, N and others},
	journal={Astronomy \& Astrophysics},
	volume={594},
	pages={A13},
	year={2016},
	publisher={EDP sciences}
}

@article{vafaei2017multiscale,
	title={A Multiscale pipeline for the search of string-induced CMB anisotropies},
	author={Vafaei Sadr, A and Movahed, SMS and Farhang, M and Ringeval, C and Bouchet, FR},
	journal={Monthly Notices of the Royal Astronomical Society},
	volume={475},
	number={1},
	pages={1010--1022},
	year={2017},
	publisher={Oxford University Press}
}

@article{vafaei2018cosmic,
	title={Cosmic string detection with tree-based machine learning},
	author={Vafaei Sadr, A and Farhang, M and Movahed, SMS and Bassett, B and Kunz, M},
	journal={Monthly Notices of the Royal Astronomical Society},
	volume={478},
	number={1},
	pages={1132--1140},
	year={2018},
	publisher={Oxford University Press}
}

@article{ringeval2007cosmological,
	title={Cosmological evolution of cosmic string loops},
	author={Ringeval, Christophe and Sakellariadou, Mairi and Bouchet, Fran{\c{c}}ois R},
	journal={Journal of Cosmology and Astroparticle Physics},
	volume={2007},
	number={02},
	pages={023},
	year={2007},
	publisher={IOP Publishing}
}
@inproceedings{shang2016understanding,
	title={Understanding and improving convolutional neural networks via concatenated rectified linear units},
	author={Shang, Wenling and Sohn, Kihyuk and Almeida, Diogo and Lee, Honglak},
	booktitle={international conference on machine learning},
	pages={2217--2225},
	year={2016}
}


@article{gorski1999healpix,
	title={The healpix primer},
	author={Gorski, Krzysztof M and Wandelt, Benjamin D and Hansen, Frode K and Hivon, Eric and Banday, Anthony J},
	journal={arXiv preprint astro-ph/9905275},
	year={1999}
}


@article{gerbino2020likelihood,
	title={Likelihood methods for CMB experiments},
	author={Gerbino, Martina and Lattanzi, Massimiliano and Migliaccio, Marina and Pagano, Luca and Salvati, Laura and Colombo, Loris and Gruppuso, Alessandro and Natoli, Paolo and Polenta, Gianluca},
	journal={Frontiers in Physics},
	volume={8},
	pages={15},
	year={2020},
	publisher={Frontiers}
}


@techreport{candes2000curvelets,
	title={Curvelets: A surprisingly effective nonadaptive representation for objects with edges},
	author={Candes, Emmanuel J and Donoho, David L},
	year={2000},
	institution={Stanford Univ Ca Dept of Statistics}
}

@article{akrami2019planck,
	title={Planck 2018 results. VII. Isotropy and Statistics of the CMB},
	author={Akrami, Y and Ashdown, M and Aumont, J and Baccigalupi, C and Ballardini, M and Banday, AJ and Barreiro, RB and Bartolo, N and Basak, S and Benabed, K and others},
	journal={arXiv preprint arXiv:1906.02552},
	year={2019}
}

@article{bartlett2016planck,
	title={Planck 2015 results: IX. Diffuse component separation: CMB maps},
	author={Bartlett, JG and Bucher, M and Cardoso, JF and Castex, G and Delabrouille, J and Ganga, K and Giraud-H{\'e}raud, Y and Le Jeune, M and Patanchon, G and Piat, M and others},
	journal={Astronomy and Astrophysics},
	volume={594},
	pages={A9--A9},
	year={2016},
	publisher={Springer-Verlag GmbH}
}
@book{bansal2009matlab,
	title={MATLAB and its applications in engineering},
	author={Bansal, Raj Kumar and Goel, Ashok K and Sharma, Manoj Kumar},
	year={2009},
	publisher={Pearson Education India}
}

@book{rojas2013neural,
	title={Neural networks: a systematic introduction},
	author={Rojas, Ra{\'u}l},
	year={2013},
	publisher={Springer Science \& Business Media}
}

@article{ade2016planck,
	title={Planck 2015 results-XII. Full focal plane simulations},
	author={Ade, Peter AR and Aghanim, N and Arnaud, M and Ashdown, M and Aumont, J and Baccigalupi, C and Banday, AJ and Barreiro, RB and Bartlett, JG and Bartolo, Nicola and others},
	journal={Astronomy \& Astrophysics},
	volume={594},
	pages={A12},
	year={2016},
	publisher={EDP sciences}
}

@article{bennett1990high,
	title={High-resolution simulations of cosmic-string evolution. I. Network evolution},
	author={Bennett, David P and Bouchet, Francois R},
	journal={Physical Review D},
	volume={41},
	number={8},
	pages={2408},
	year={1990},
	publisher={APS}
}

@article{ringeval2007cosmological,
	title={Cosmological evolution of cosmic string loops},
	author={Ringeval, Christophe and Sakellariadou, Mairi and Bouchet, Fran{\c{c}}ois R},
	journal={Journal of Cosmology and Astroparticle Physics},
	volume={2007},
	number={02},
	pages={023},
	year={2007},
	publisher={IOP Publishing}
}

@article{fraisse2008small,
	title={Small-angle CMB temperature anisotropies induced by cosmic strings},
	author={Fraisse, Aur{\'e}lien A and Ringeval, Christophe and Spergel, David N and Bouchet, Fran{\c{c}}ois R},
	journal={Physical Review D},
	volume={78},
	number={4},
	pages={043535},
	year={2008},
	publisher={APS}
}

@article{Bond:1987ub,
	author         = "Bond, J. R. and Efstathiou, G.",
	title          = "{The statistics of cosmic background radiation
	fluctuations}",
	journal        = "Mon. Not. Roy. Astron. Soc.",
	volume         = "226",
	year           = "1987",
	pages          = "655-687",
	SLACcitation   = "%%CITATION = MNRAA,226,655;%%"
}

@article{shanker1996effect,
	title={Effect of data standardization on neural network training},
	author={Shanker, Murali and Hu, Michael Y and Hung, Ming S},
	journal={Omega},
	volume={24},
	number={4},
	pages={385--397},
	year={1996},
	publisher={Elsevier}
}

@article{canny1986computational,
	title={A computational approach to edge detection},
	author={Canny, John},
	journal={IEEE Transactions on pattern analysis and machine intelligence},
	number={6},
	pages={679--698},
	year={1986},
	publisher={Ieee}
}

@book{jain1995machine,
	title={Machine vision},
	author={Jain, Ramesh and Kasturi, Rangachar and Schunck, Brian G},
	volume={5},
	year={1995},
	publisher={McGraw-hill New York}
}

@book{jahne1999handbook,
	title={Handbook of computer vision and applications},
	author={J{\"a}hne, Bernd and Haussecker, Horst and Geissler, Peter},
	volume={2},
	year={1999},
	publisher={Citeseer}
}

@book{dodelson2020modern,
	title={Modern Cosmology},
	author={Dodelson, Scott and Schmidt, Fabian},
	year={2020},
	publisher={Academic Press}
}

@article{gil2016clustering,
	title={The clustering of galaxies in the SDSS-III Baryon Oscillation Spectroscopic Survey: RSD measurement from the LOS-dependent power spectrum of DR12 BOSS galaxies},
	author={Gil-Mar{\'\i}n, H{\'e}ctor and Percival, Will J and Brownstein, Joel R and Chuang, Chia-Hsun and Grieb, Jan Niklas and Ho, Shirley and Kitaura, Francisco-Shu and Maraston, Claudia and Prada, Francisco and Rodr{\'\i}guez-Torres, Sergio and others},
	journal={Monthly Notices of the Royal Astronomical Society},
	volume={460},
	number={4},
	pages={4188--4209},
	year={2016},
	publisher={Oxford University Press}
}

@article{hubble1929relation,
	title={A relation between distance and radial velocity among extra-galactic nebulae},
	author={Hubble, Edwin},
	journal={Proceedings of the national academy of sciences},
	volume={15},
	number={3},
	pages={168--173},
	year={1929},
	publisher={National Acad Sciences}
}
@book{piattella2018lecture,
	title={Lecture notes in cosmology},
	author={Piattella, Oliver},
	year={2018},
	publisher={Springer}
}
@article{williams1996hubble,
	title={The Hubble Deep Field: Observations, data reduction, and galaxy photometry},
	author={Williams, Robert E and others},
	journal={arXiv preprint astro-ph/9607174},
	year={1996}
}

@article{perlmutter1999measurements,
	title={Measurements of $\Omega$ and $\Lambda$ from 42 high-redshift supernovae},
	author={Perlmutter, Saul and Aldering, Goldhaber and Goldhaber, G and Knop, RA and Nugent, P and Castro, PG and Deustua, S and Fabbro, S and Goobar, A and Groom, DE and others},
	journal={The Astrophysical Journal},
	volume={517},
	number={2},
	pages={565},
	year={1999},
	publisher={IOP Publishing}
}
@article{riess1998observational,
	title={Observational evidence from supernovae for an accelerating universe and a cosmological constant},
	author={Riess, Adam G and Filippenko, Alexei V and Challis, Peter and Clocchiatti, Alejandro and Diercks, Alan and Garnavich, Peter M and Gilliland, Ron L and Hogan, Craig J and Jha, Saurabh and Kirshner, Robert P and others},
	journal={The Astronomical Journal},
	volume={116},
	number={3},
	pages={1009},
	year={1998},
	publisher={IOP Publishing}
}
@article{zwicky1933rotverschiebung,
	title={Die rotverschiebung von extragalaktischen nebeln},
	author={Zwicky, Fritz},
	journal={Helvetica physica acta},
	volume={6},
	pages={110--127},
	year={1933}
}
@article{sofue1999central,
	title={Central rotation curves of spiral galaxies},
	author={Sofue, Yoshiaki and Tutui, Y and Honma, M and Tomita, A and Takamiya, T and Koda, J and Takeda, Y},
	journal={The Astrophysical Journal},
	volume={523},
	number={1},
	pages={136},
	year={1999},
	publisher={IOP Publishing}
}
@article{sofue2001rotation,
	title={Rotation curves of spiral galaxies},
	author={Sofue, Yoshiaki and Rubin, Vera},
	journal={Annual Review of Astronomy and Astrophysics},
	volume={39},
	number={1},
	pages={137--174},
	year={2001},
	publisher={Annual Reviews 4139 El Camino Way, PO Box 10139, Palo Alto, CA 94303-0139, USA}
}
@article{pospelov2008secluded,
	title={Secluded WIMP dark matter},
	author={Pospelov, Maxim and Ritz, Adam and Voloshin, Mikhail},
	journal={Physics Letters B},
	volume={662},
	number={1},
	pages={53--61},
	year={2008},
	publisher={Elsevier}
}
@article{bertone2018history,
	title={History of dark matter},
	author={Bertone, Gianfranco and Hooper, Dan},
	journal={Reviews of Modern Physics},
	volume={90},
	number={4},
	pages={045002},
	year={2018},
	publisher={APS}
}
@article{kibble1976topology,
	title={Topology of cosmic domains and strings},
	author={Kibble, Thomas WB},
	journal={Journal of Physics A: Mathematical and General},
	volume={9},
	number={8},
	pages={1387},
	year={1976},
	publisher={IOP Publishing}
}
@article{kibble1980some,
	title={Some implications of a cosmological phase transition},
	author={Kibble, Tom WB},
	journal={Physics Reports},
	volume={67},
	number={1},
	pages={183--199},
	year={1980},
	publisher={Elsevier}
}
@article{hindmarsh1995cosmic,
	title={Cosmic strings},
	author={Hindmarsh, M \_ B and Kibble, Thomas Walter Bannerman},
	journal={Reports on Progress in Physics},
	volume={58},
	number={5},
	pages={477},
	year={1995},
	publisher={IOP Publishing}
}

@article{copeland2010cosmic,
	title={Cosmic strings and superstrings},
	author={Copeland, Edmund J and Kibble, TWB},
	journal={Proceedings of the Royal Society A: Mathematical, Physical and Engineering Sciences},
	volume={466},
	number={2115},
	pages={623--657},
	year={2010},
	publisher={The Royal Society Publishing}
}
@article{ade2016planck,
	title={Planck 2015 results-xiii. cosmological parameters},
	author={Ade, Peter AR and Aghanim, N and Arnaud, M and Ashdown, Mark and Aumont, J and Baccigalupi, C and Banday, AJ and Barreiro, RB and Bartlett, JG and Bartolo, N and others},
	journal={Astronomy \& Astrophysics},
	volume={594},
	pages={A13},
	year={2016},
	publisher={EDP sciences}
}
@article{kuroyanagi2013forecast,
	title={Forecast constraints on cosmic strings from future CMB, pulsar timing, and gravitational wave direct detection experiments},
	author={Kuroyanagi, Sachiko and Miyamoto, Koichi and Sekiguchi, Toyokazu and Takahashi, Keitaro and Silk, Joseph},
	journal={Physical Review D},
	volume={87},
	number={2},
	pages={023522},
	year={2013},
	publisher={APS}
}
@article{davis2005fundamental,
	title={Fundamental cosmic strings},
	author={Davis, AC and Kibble, TWB},
	journal={Contemporary Physics},
	volume={46},
	number={5},
	pages={313--322},
	year={2005},
	publisher={Taylor \& Francis}
}
@article{rajantie2003defect,
	title={Defect formation in the early universe},
	author={Rajantie, Arttu},
	journal={Contemporary physics},
	volume={44},
	number={6},
	pages={485--502},
	year={2003},
	publisher={Taylor \& Francis}
}
@book{vilenkin2000cosmic,
	title={Cosmic strings and other topological defects},
	author={Vilenkin, Alexander and Shellard, E Paul S},
	year={2000},
	publisher={Cambridge University Press}
}

@book{robinson2011symmetry,
	title={Symmetry and the standard model},
	author={Robinson, Matthew},
	year={2011},
	publisher={Springer}
}

@article{goldstone1961field,
	title={Field theories with {\guillemotleft}Superconductor{\guillemotright} solutions},
	author={Goldstone, Jeffrey},
	journal={Il Nuovo Cimento (1955-1965)},
	volume={19},
	number={1},
	pages={154--164},
	year={1961},
	publisher={Springer}
}
@article{perivolaropoulos2005rise,
	title={The rise and fall of the cosmic string theory for cosmological perturbations},
	author={Perivolaropoulos, Leandros},
	journal={Nuclear Physics B-Proceedings Supplements},
	volume={148},
	pages={128--140},
	year={2005},
	publisher={Elsevier}
}

@article{kaiser1984microwave,
	title={Microwave anisotropy due to cosmic strings},
	author={Kaiser, Nick and Stebbins, Albert},
	journal={Nature},
	volume={310},
	number={5976},
	pages={391--393},
	year={1984},
	publisher={Springer}
}
@article{guth1981inflationary,
	title={Inflationary universe: A possible solution to the horizon and flatness problems},
	author={Guth, Alan H},
	journal={Physical Review D},
	volume={23},
	number={2},
	pages={347},
	year={1981},
	publisher={APS}
}
@article{avelino2007effects,
	title={Effects of inflation on a cosmic string loop population},
	author={Avelino, PP and Martins, CJAP and Shellard, EPS},
	journal={Physical Review D},
	volume={76},
	number={8},
	pages={083510},
	year={2007},
	publisher={APS}
}
@article{jeannerot2003generic,
	title={How generic is cosmic string formation in supersymmetric grand unified theories},
	author={Jeannerot, Rachel and Rocher, Jonathan and Sakellariadou, Mairi},
	journal={Physical Review D},
	volume={68},
	number={10},
	pages={103514},
	year={2003},
	publisher={APS}
}
@article{ringeval2010cosmic,
	title={Cosmic strings and their induced non-Gaussianities in the cosmic microwave background},
	author={Ringeval, Christophe},
	journal={Advances in Astronomy},
	volume={2010},
	year={2010},
	publisher={Hindawi}
}
@article{bouchet1988patterns,
	title={Patterns of the cosmic microwave background from evolving string networks},
	author={Bouchet, Fran{\c{c}}ois R and Bennett, David P and Stebbins, Albert},
	journal={Nature},
	volume={335},
	number={6189},
	pages={410--414},
	year={1988},
	publisher={Nature Publishing Group}
}
@article{gott1985gravitational,
	title={Gravitational lensing effects of vacuum strings-Exact solutions},
	author={Gott III, J Richard},
	journal={The Astrophysical Journal},
	volume={288},
	pages={422--427},
	year={1985}
}

@article{sefusatti2007bispectrum,
	title={Bispectrum of galaxies from high-redshift galaxy surveys: Primordial non-Gaussianity and nonlinear galaxy bias},
	author={Sefusatti, Emiliano and Komatsu, Eiichiro},
	journal={Physical Review D},
	volume={76},
	number={8},
	pages={083004},
	year={2007},
	publisher={APS}
}
@article{alireza,
	title={Clustering \& Multiscale analysis of cosmological big data: Cosmic string detection in CMB},
	author={Vafaei Sadr, Alireza},
	journal={PhD thesis},
	volume={2018},
	year={2018},
	publisher={Shahid Beheshti University, Tehran, Iran}
}

@article{sazhin2010gravitational,
	title={Gravitational Lens Images Generated by Cosmic Strings},
	author={Sazhin, Mikhail V and Sazhina, Olga S and Capaccioli, Massimo and Longo, Giuseppe and Paolillo, Maurizio and Riccio, Giuseppe},
	journal={The Open Astronomy Journal},
	volume={3},
	number={1},
	year={2010}
}

@book{bruce2020practical,
	title={Practical Statistics for Data Scientists: 50+ Essential Concepts Using R and Python},
	author={Bruce, Peter and Bruce, Andrew and Gedeck, Peter},
	year={2020},
	publisher={O'Reilly Media}
}
@article{calabrese2019planck,
	title={Planck 2018 results. IV. Diffuse component separation},
	author={Calabrese, E},
	journal={Astronomy and Astrophysics},
	year={2019},
	publisher={EDP Sciences}
}
@inproceedings{abadi2016tensorflow,
	title={Tensorflow: A system for large-scale machine learning},
	author={Abadi, Mart{\'\i}n and Barham, Paul and Chen, Jianmin and Chen, Zhifeng and Davis, Andy and Dean, Jeffrey and Devin, Matthieu and Ghemawat, Sanjay and Irving, Geoffrey and Isard, Michael and others},
	booktitle={12th $\{$USENIX$\}$ symposium on operating systems design and implementation ($\{$OSDI$\}$ 16)},
	pages={265--283},
	year={2016}
}
@article{kingma2014adam,
	title={Adam: A method for stochastic optimization},
	author={Kingma, Diederik P and Ba, Jimmy},
	journal={arXiv preprint arXiv:1412.6980},
	year={2014}
}
@inproceedings{aloysius2017review,
	title={A review on deep convolutional neural networks},
	author={Aloysius, Neena and Geetha, M},
	booktitle={2017 International Conference on Communication and Signal Processing (ICCSP)},
	pages={0588--0592},
	year={2017},
	organization={IEEE}
}
@article{firouzjahi2005brane,
	title={Brane inflation and cosmic string tension in superstring theory},
	author={Firouzjahi, Hassan and Tye, SH Henry},
	journal={Journal of Cosmology and Astroparticle Physics},
	volume={2005},
	number={03},
	pages={009},
	year={2005},
	publisher={IOP Publishing}
}
@article{ringeval2017stochastic,
	title={Stochastic gravitational waves from cosmic string loops in scaling},
	author={Ringeval, Christophe and Suyama, Teruaki},
	journal={Journal of Cosmology and Astroparticle Physics},
	volume={2017},
	number={12},
	pages={027},
	year={2017},
	publisher={IOP Publishing}
}
@article{ciuca2019inferring,
	title={Inferring cosmic string tension through the neural network prediction of string locations in CMB maps},
	author={Ciuca, Razvan and Hern{\'a}ndez, Oscar F},
	journal={Monthly Notices of the Royal Astronomical Society},
	volume={483},
	number={4},
	pages={5179--5187},
	year={2019},
	publisher={Oxford University Press}
}
@article{ciuca2017bayesian,
	title={A Bayesian framework for cosmic string searches in CMB maps},
	author={Ciuca, Razvan and Hern{\'a}ndez, Oscar F},
	journal={Journal of Cosmology and Astroparticle Physics},
	volume={2017},
	number={08},
	pages={028},
	year={2017},
	publisher={IOP Publishing}
}
@article{ciuca2020information,
	title={Information theoretic bounds on cosmic string detection in CMB maps with noise},
	author={Ciuca, Razvan and Hern{\'a}ndez, Oscar F},
	journal={Monthly Notices of the Royal Astronomical Society},
	volume={492},
	number={1},
	pages={1329--1334},
	year={2020},
	publisher={Oxford University Press}
}
@misc{baumann1980method,
	title={Method and system for controlling a multi-segment indicator to furnish an analogue display indicating only the relationship of the measured value to a desired value or range of values},
	author={Baumann, Arthur},
	year={1980},
	month=apr # "~29",
	publisher={Google Patents},
	note={US Patent 4,200,896}
}
@incollection{turner1990early,
	title={The early universe},
	author={Turner, Michael Stanley},
	booktitle={General relativity and gravitation, 1989},
	year={1990}
}
@article{fraisse2008small,
	title={Small-angle CMB temperature anisotropies induced by cosmic strings},
	author={Fraisse, Aur{\'e}lien A and Ringeval, Christophe and Spergel, David N and Bouchet, Fran{\c{c}}ois R},
	journal={Physical Review D},
	volume={78},
	number={4},
	pages={043535},
	year={2008},
	publisher={APS}
}
@article{moore2001evolution,
	title={Evolution of Abelian-Higgs string networks},
	author={Moore, JN and Shellard, EPS and Martins, CJAP},
	journal={Physical Review D},
	volume={65},
	number={2},
	pages={023503},
	year={2001},
	publisher={APS}
}
@article{bevis2007cmb,
	title={CMB power spectrum contribution from cosmic strings using field-evolution simulations of the Abelian Higgs model},
	author={Bevis, Neil and Hindmarsh, Mark and Kunz, Martin and Urrestilla, Jon},
	journal={Physical Review D},
	volume={75},
	number={6},
	pages={065015},
	year={2007},
	publisher={APS}
}
@article{baumann2014cosmology,
	title={Cosmology, part iii mathematical tripos},
	author={Baumann, Daniel},
	journal={University lecture notes},
	volume={56},
	year={2014}
}
@book{dodelson2003modern,
	title={Modern cosmology},
	author={Dodelson, Scott},
	year={2003},
	publisher={Elsevier}
}

@article{penzias1965measurement,
	title={A measurement of excess antenna temperature at 4080 Mc/s.},
	author={Penzias, Arno A and Wilson, Robert Woodrow},
	journal={The Astrophysical Journal},
	volume={142},
	pages={419--421},
	year={1965}
}
@article{dicke1965cosmic,
	title={Cosmic Black-Body Radiation.},
	author={Dicke, Robert H and Peebles, P James E and Roll, Peter G and Wilkinson, David T},
	journal={The Astrophysical Journal},
	volume={142},
	pages={414--419},
	year={1965}
}
@article{gamow1948evolution,
	title={The evolution of the universe},
	author={Gamow, George},
	journal={Nature},
	volume={162},
	number={4122},
	pages={680--682},
	year={1948},
	publisher={Nature Publishing Group}
}
@article{durrer2015cosmic,
	title={The cosmic microwave background: the history of its experimental investigation and its significance for cosmology},
	author={Durrer, Ruth},
	journal={Classical and Quantum Gravity},
	volume={32},
	number={12},
	pages={124007},
	year={2015},
	publisher={IOP Publishing}
}
@article{conklin1969velocity,
	title={Velocity of the Earth with respect to the Cosmic Background Radiation},
	author={Conklin, EK},
	journal={Nature},
	volume={222},
	number={5197},
	pages={971--972},
	year={1969},
	publisher={Nature Publishing Group}
}
@book{durrer2008cosmic,
	title={The cosmic microwave background},
	author={Durrer, Ruth},
	volume={401},
	year={2008},
	publisher={Cambridge University Press Cambridge}
}
@article{kogut2006arcade,
	title={ARCADE: Absolute radiometer for cosmology, astrophysics, and diffuse emission},
	author={Kogut, A and Fixsen, D and Fixsen, S and Levin, S and Limon, M and Lowe, L and Mirel, P and Seiffert, M and Singal, J and Lubin, P and others},
	journal={New Astronomy Reviews},
	volume={50},
	number={11-12},
	pages={925--931},
	year={2006},
	publisher={Elsevier}
}
@book{ryden2017introduction,
	title={Introduction to cosmology},
	author={Ryden, Barbara},
	year={2017},
	publisher={Cambridge University Press}
}
@article{akrami2018legacy,
	title={Planck 2018 results. I. Overview and the cosmological legacy of Planck},
	author={Akrami, Y and Arroja, F and Ashdown, M and Aumont, J and Baccigalupi, C and Ballardini, M and Banday, AJ and Barreiro, RB and Bartolo, N and Basak, S and others},
	journal={arXiv preprint arXiv:1807.06205},
	year={2018}
}
@article{hinshaw2013nine,
	title={Nine-year Wilkinson Microwave Anisotropy Probe (WMAP) observations: cosmological parameter results},
	author={Hinshaw, Gary and Larson, D and Komatsu, Eiichiro and Spergel, David N and Bennett, CLaa and Dunkley, Joanna and Nolta, MR and Halpern, M and Hill, RS and Odegard, N and others},
	journal={The Astrophysical Journal Supplement Series},
	volume={208},
	number={2},
	pages={19},
	year={2013},
	publisher={IOP Publishing}
}

@article{eriksen2008joint,
	title={Joint Bayesian component separation and CMB power spectrum estimation},
	author={Eriksen, HK and Jewell, JB and Dickinson, C and Banday, AJ and G{\'o}rski, KM and Lawrence, CR},
	journal={The Astrophysical Journal},
	volume={676},
	number={1},
	pages={10},
	year={2008},
	publisher={IOP Publishing}
}
@article{adam2016planck,
	title={Planck 2015 results-X. Diffuse component separation: Foreground maps},
	author={Adam, R and Ade, Peter AR and Aghanim, N and Alves, MIR and Arnaud, M and Ashdown, M and Aumont, J and Baccigalupi, C and Banday, AJ and Barreiro, RB and others},
	journal={Astronomy \& Astrophysics},
	volume={594},
	pages={A10},
	year={2016},
	publisher={EDP sciences}
}
@article{basak2013needlet,
	title={A needlet ILC analysis of WMAP 9-year polarization data: CMB polarization power spectra},
	author={Basak, Soumen and Delabrouille, Jacques},
	journal={Monthly Notices of the Royal Astronomical Society},
	volume={435},
	number={1},
	pages={18--29},
	year={2013},
	publisher={Oxford University Press}
}
@article{leach2008component,
	title={Component separation methods for the PLANCK mission},
	author={Leach, Samuel M and Cardoso, J-F and Baccigalupi, Carlo and Barreiro, RB and Betoule, M and Bobin, J and Bonaldi, A and Delabrouille, J and De Zotti, G and Dickinson, C and others},
	journal={Astronomy \& Astrophysics},
	volume={491},
	number={2},
	pages={597--615},
	year={2008},
	publisher={EDP Sciences}
}
@article{collaborationplanck,
	title={Planck 2018 results. IV. CMB and foreground extraction. 2018},
	author={Collaboration IV, Planck},
	journal={A\&A, submitted}
}
@article{akrami2018planck,
	title={Planck 2018 results. IV. Diffuse component separation},
	author={Akrami, Y and Ashdown, M and Aumont, J and Baccigalupi, C and Ballardini, M and Banday, AJ and Barreiro, RB and Bartolo, N and Basak, S and Benabed, K and others},
	journal={arXiv preprint arXiv:1807.06208},
	year={2018}
}
@article{aiola2020atacama,
	title={The Atacama Cosmology Telescope: DR4 Maps and Cosmological Parameters},
	author={Aiola, Simone and Calabrese, Erminia and Maurin, Lo{\"\i}c and Naess, Sigurd and Schmitt, Benjamin L and Abitbol, Maximilian H and Addison, Graeme E and Ade, Peter AR and Alonso, David and Amiri, Mandana and others},
	journal={arXiv preprint arXiv:2007.07288},
	year={2020}
}
@article{abazajian2016cmb,
	title={CMB-S4 science book},
	author={Abazajian, Kevork N and Adshead, Peter and Ahmed, Zeeshan and Allen, Steven W and Alonso, David and Arnold, Kam S and Baccigalupi, Carlo and Bartlett, James G and Battaglia, Nicholas and Benson, Bradford A and others},
	journal={arXiv preprint arXiv:1610.02743},
	year={2016}
}
@article{ffp,
	title={Planck 2015 results-XII. Full focal plane simulations},
	author={Ade, Peter AR and Aghanim, N and Arnaud, M and Ashdown, M and Aumont, J and Baccigalupi, C and Banday, AJ and Barreiro, RB and Bartlett, JG and Bartolo, Nicola and others},
	journal={Astronomy \& Astrophysics},
	volume={594},
	pages={A12},
	year={2016},
	publisher={EDP sciences}
}
@article{virtanen2020scipy,
	title={SciPy 1.0: fundamental algorithms for scientific computing in Python},
	author={Virtanen, Pauli and Gommers, Ralf and Oliphant, Travis E and Haberland, Matt and Reddy, Tyler and Cournapeau, David and Burovski, Evgeni and Peterson, Pearu and Weckesser, Warren and Bright, Jonathan and others},
	journal={Nature methods},
	volume={17},
	number={3},
	pages={261--272},
	year={2020},
	publisher={Nature Publishing Group}
}
@misc{sachs1967perturbations,
	title={Perturbations of a cosmological model and angular variations of the microwave background},
	author={Sachs, RK and Wolfe, AM},
	year={1967}
}